%YAML 1.1
%TAG !u! tag:unity3d.com,2011:
--- !u!1 &873402386
GameObject:
  m_ObjectHideFlags: 0
  m_CorrespondingSourceObject: {fileID: 0}
  m_PrefabInstance: {fileID: 0}
  m_PrefabAsset: {fileID: 0}
  serializedVersion: 6
  m_Component:
  - component: {fileID: 873402387}
  - component: {fileID: 873402388}
  m_Layer: 0
  m_Name: Directional Light
  m_TagString: Untagged
  m_Icon: {fileID: 0}
  m_NavMeshLayer: 0
  m_StaticEditorFlags: 0
  m_IsActive: 1
--- !u!4 &873402387
Transform:
  m_ObjectHideFlags: 0
  m_CorrespondingSourceObject: {fileID: 0}
  m_PrefabInstance: {fileID: 0}
  m_PrefabAsset: {fileID: 0}
  m_GameObject: {fileID: 873402386}
  m_LocalRotation: {x: -0.08794339, y: -0.9062635, z: 0.23363727, w: -0.34112477}
  m_LocalPosition: {x: -2.578306, y: 1.63, z: 3.0563807}
  m_LocalScale: {x: 1, y: 1, z: 1}
  m_Children: []
  m_Father: {fileID: 5635095921205018085}
  m_RootOrder: 2
  m_LocalEulerAnglesHint: {x: 135.575, y: -0.000015258789, z: -0.000015258789}
--- !u!108 &873402388
Light:
  m_ObjectHideFlags: 0
  m_CorrespondingSourceObject: {fileID: 0}
  m_PrefabInstance: {fileID: 0}
  m_PrefabAsset: {fileID: 0}
  m_GameObject: {fileID: 873402386}
  m_Enabled: 1
  serializedVersion: 10
  m_Type: 1
  m_Shape: 0
  m_Color: {r: 0.6698113, g: 0.6161, b: 0.6210219, a: 1}
  m_Intensity: 1
  m_Range: 10
  m_SpotAngle: 30
  m_InnerSpotAngle: 21.80208
  m_CookieSize: 10
  m_Shadows:
    m_Type: 0
    m_Resolution: -1
    m_CustomResolution: -1
    m_Strength: 1
    m_Bias: 0.05
    m_NormalBias: 0.4
    m_NearPlane: 0.2
    m_CullingMatrixOverride:
      e00: 1
      e01: 0
      e02: 0
      e03: 0
      e10: 0
      e11: 1
      e12: 0
      e13: 0
      e20: 0
      e21: 0
      e22: 1
      e23: 0
      e30: 0
      e31: 0
      e32: 0
      e33: 1
    m_UseCullingMatrixOverride: 0
  m_Cookie: {fileID: 0}
  m_DrawHalo: 0
  m_Flare: {fileID: 0}
  m_RenderMode: 0
  m_CullingMask:
    serializedVersion: 2
    m_Bits: 4294967295
  m_RenderingLayerMask: 1
  m_Lightmapping: 4
  m_LightShadowCasterMode: 0
  m_AreaSize: {x: 1, y: 1}
  m_BounceIntensity: 1
  m_ColorTemperature: 6570
  m_UseColorTemperature: 0
  m_BoundingSphereOverride: {x: 0, y: 0, z: 0, w: 0}
  m_UseBoundingSphereOverride: 0
  m_ShadowRadius: 0
  m_ShadowAngle: 0
--- !u!1 &1012424511
GameObject:
  m_ObjectHideFlags: 0
  m_CorrespondingSourceObject: {fileID: 0}
  m_PrefabInstance: {fileID: 0}
  m_PrefabAsset: {fileID: 0}
  serializedVersion: 6
  m_Component:
  - component: {fileID: 1012424512}
  m_Layer: 0
  m_Name: CamPosition
  m_TagString: Untagged
  m_Icon: {fileID: 0}
  m_NavMeshLayer: 0
  m_StaticEditorFlags: 0
  m_IsActive: 1
--- !u!4 &1012424512
Transform:
  m_ObjectHideFlags: 0
  m_CorrespondingSourceObject: {fileID: 0}
  m_PrefabInstance: {fileID: 0}
  m_PrefabAsset: {fileID: 0}
  m_GameObject: {fileID: 1012424511}
  m_LocalRotation: {x: 0.3537405, y: 0.6122644, z: -0.3537405, w: 0.6122644}
  m_LocalPosition: {x: -2.8280003, y: 2.4, z: -0.18199997}
  m_LocalScale: {x: 0.2, y: 0.19999999, z: 0.19999999}
  m_Children: []
  m_Father: {fileID: 5635095921205018085}
  m_RootOrder: 4
  m_LocalEulerAnglesHint: {x: 0, y: 0, z: 0}
--- !u!1 &2362861036939128718
GameObject:
  m_ObjectHideFlags: 0
  m_CorrespondingSourceObject: {fileID: 0}
  m_PrefabInstance: {fileID: 0}
  m_PrefabAsset: {fileID: 0}
  serializedVersion: 6
  m_Component:
  - component: {fileID: 2701691342262351914}
  - component: {fileID: 695371415784869432}
  - component: {fileID: 6199397048598368389}
  - component: {fileID: 1263423979}
  m_Layer: 0
  m_Name: Plane
  m_TagString: Untagged
  m_Icon: {fileID: 0}
  m_NavMeshLayer: 0
  m_StaticEditorFlags: 0
  m_IsActive: 1
--- !u!4 &2701691342262351914
Transform:
  m_ObjectHideFlags: 0
  m_CorrespondingSourceObject: {fileID: 0}
  m_PrefabInstance: {fileID: 0}
  m_PrefabAsset: {fileID: 0}
  m_GameObject: {fileID: 2362861036939128718}
  m_LocalRotation: {x: 0, y: 0, z: 0, w: 1}
  m_LocalPosition: {x: 0, y: -1.81, z: 0}
  m_LocalScale: {x: 1.9391385, y: 1.9391385, z: 1.9391385}
  m_Children: []
  m_Father: {fileID: 3835482942098173738}
  m_RootOrder: 0
  m_LocalEulerAnglesHint: {x: 0, y: 0, z: 0}
--- !u!33 &695371415784869432
MeshFilter:
  m_ObjectHideFlags: 0
  m_CorrespondingSourceObject: {fileID: 0}
  m_PrefabInstance: {fileID: 0}
  m_PrefabAsset: {fileID: 0}
  m_GameObject: {fileID: 2362861036939128718}
  m_Mesh: {fileID: 10209, guid: 0000000000000000e000000000000000, type: 0}
--- !u!23 &6199397048598368389
MeshRenderer:
  m_ObjectHideFlags: 0
  m_CorrespondingSourceObject: {fileID: 0}
  m_PrefabInstance: {fileID: 0}
  m_PrefabAsset: {fileID: 0}
  m_GameObject: {fileID: 2362861036939128718}
  m_Enabled: 1
  m_CastShadows: 1
  m_ReceiveShadows: 1
  m_DynamicOccludee: 1
  m_MotionVectors: 1
  m_LightProbeUsage: 1
  m_ReflectionProbeUsage: 1
  m_RayTracingMode: 2
  m_RenderingLayerMask: 1
  m_RendererPriority: 0
  m_Materials:
  - {fileID: 2100000, guid: e5b1eedc872c874468b8f6eaefa1c97b, type: 2}
  m_StaticBatchInfo:
    firstSubMesh: 0
    subMeshCount: 0
  m_StaticBatchRoot: {fileID: 0}
  m_ProbeAnchor: {fileID: 0}
  m_LightProbeVolumeOverride: {fileID: 0}
  m_ScaleInLightmap: 1
  m_ReceiveGI: 1
  m_PreserveUVs: 0
  m_IgnoreNormalsForChartDetection: 0
  m_ImportantGI: 0
  m_StitchLightmapSeams: 1
  m_SelectedEditorRenderState: 3
  m_MinimumChartSize: 4
  m_AutoUVMaxDistance: 0.5
  m_AutoUVMaxAngle: 89
  m_LightmapParameters: {fileID: 0}
  m_SortingLayerID: 0
  m_SortingLayer: 0
  m_SortingOrder: 0
--- !u!64 &1263423979
MeshCollider:
  m_ObjectHideFlags: 0
  m_CorrespondingSourceObject: {fileID: 0}
  m_PrefabInstance: {fileID: 0}
  m_PrefabAsset: {fileID: 0}
  m_GameObject: {fileID: 2362861036939128718}
  m_Material: {fileID: 0}
  m_IsTrigger: 0
  m_Enabled: 1
  serializedVersion: 4
  m_Convex: 0
  m_CookingOptions: 30
  m_Mesh: {fileID: 10209, guid: 0000000000000000e000000000000000, type: 0}
--- !u!114 &2665490150420226691
MonoBehaviour:
  m_ObjectHideFlags: 0
  m_CorrespondingSourceObject: {fileID: 0}
  m_PrefabInstance: {fileID: 0}
  m_PrefabAsset: {fileID: 0}
  m_GameObject: {fileID: 6374543546737486049}
  m_Enabled: 1
  m_EditorHideFlags: 0
  m_Script: {fileID: 11500000, guid: 3be2e08da58afa24eb4c1189b7f47446, type: 3}
  m_Name: 
  m_EditorClassIdentifier: 
  room: 2
  camPos: {fileID: 1012424512}
  image: {fileID: 21300000, guid: 2b6e24a56837fe84590bba70864c8799, type: 3}
  grid: {fileID: 6187230036154942778}
  alert: {fileID: 0}
  heros: []
  disEnemySpaw: 5
--- !u!1001 &6258927552853686833
PrefabInstance:
  m_ObjectHideFlags: 0
  serializedVersion: 2
  m_Modification:
    m_TransformParent: {fileID: 0}
    m_Modifications:
    - target: {fileID: 198205214865387900, guid: 03d2e289fb0c9fe4e8802c1f5aa75b55,
        type: 3}
      propertyPath: m_LocalPosition.y
      value: -0.41
      objectReference: {fileID: 0}
    - target: {fileID: 1056869157891756752, guid: 03d2e289fb0c9fe4e8802c1f5aa75b55,
        type: 3}
      propertyPath: m_Name
      value: Room Variant
      objectReference: {fileID: 0}
    - target: {fileID: 1056869157891756752, guid: 03d2e289fb0c9fe4e8802c1f5aa75b55,
        type: 3}
      propertyPath: m_IsActive
      value: 1
      objectReference: {fileID: 0}
    - target: {fileID: 1796879698749474772, guid: 03d2e289fb0c9fe4e8802c1f5aa75b55,
        type: 3}
      propertyPath: m_LocalPosition.x
      value: -45.7
      objectReference: {fileID: 0}
    - target: {fileID: 1796879698749474772, guid: 03d2e289fb0c9fe4e8802c1f5aa75b55,
        type: 3}
      propertyPath: m_LocalPosition.y
      value: 7
      objectReference: {fileID: 0}
    - target: {fileID: 1796879698749474772, guid: 03d2e289fb0c9fe4e8802c1f5aa75b55,
        type: 3}
      propertyPath: m_LocalPosition.z
      value: 51.3
      objectReference: {fileID: 0}
    - target: {fileID: 1796879698749474772, guid: 03d2e289fb0c9fe4e8802c1f5aa75b55,
        type: 3}
      propertyPath: m_LocalRotation.x
      value: 0
      objectReference: {fileID: 0}
    - target: {fileID: 1796879698749474772, guid: 03d2e289fb0c9fe4e8802c1f5aa75b55,
        type: 3}
      propertyPath: m_LocalRotation.y
      value: 1
      objectReference: {fileID: 0}
    - target: {fileID: 1796879698749474772, guid: 03d2e289fb0c9fe4e8802c1f5aa75b55,
        type: 3}
      propertyPath: m_LocalRotation.z
      value: 0
      objectReference: {fileID: 0}
    - target: {fileID: 1796879698749474772, guid: 03d2e289fb0c9fe4e8802c1f5aa75b55,
        type: 3}
      propertyPath: m_LocalRotation.w
      value: 0
      objectReference: {fileID: 0}
    - target: {fileID: 1796879698749474772, guid: 03d2e289fb0c9fe4e8802c1f5aa75b55,
        type: 3}
      propertyPath: m_RootOrder
      value: 0
      objectReference: {fileID: 0}
    - target: {fileID: 1796879698749474772, guid: 03d2e289fb0c9fe4e8802c1f5aa75b55,
        type: 3}
      propertyPath: m_LocalEulerAnglesHint.x
      value: 0
      objectReference: {fileID: 0}
    - target: {fileID: 1796879698749474772, guid: 03d2e289fb0c9fe4e8802c1f5aa75b55,
        type: 3}
      propertyPath: m_LocalEulerAnglesHint.y
      value: 180
      objectReference: {fileID: 0}
    - target: {fileID: 1796879698749474772, guid: 03d2e289fb0c9fe4e8802c1f5aa75b55,
        type: 3}
      propertyPath: m_LocalEulerAnglesHint.z
      value: 0
      objectReference: {fileID: 0}
    - target: {fileID: 1796879698749474772, guid: 03d2e289fb0c9fe4e8802c1f5aa75b55,
        type: 3}
      propertyPath: m_LocalScale.x
      value: 5
      objectReference: {fileID: 0}
    - target: {fileID: 1796879698749474772, guid: 03d2e289fb0c9fe4e8802c1f5aa75b55,
        type: 3}
      propertyPath: m_LocalScale.y
      value: 5
      objectReference: {fileID: 0}
    - target: {fileID: 1796879698749474772, guid: 03d2e289fb0c9fe4e8802c1f5aa75b55,
        type: 3}
      propertyPath: m_LocalScale.z
      value: 5
      objectReference: {fileID: 0}
    - target: {fileID: 7198566504343491867, guid: 03d2e289fb0c9fe4e8802c1f5aa75b55,
        type: 3}
      propertyPath: m_LocalPosition.y
      value: 0
      objectReference: {fileID: 0}
    m_RemovedComponents: []
  m_SourcePrefab: {fileID: 100100000, guid: 03d2e289fb0c9fe4e8802c1f5aa75b55, type: 3}
--- !u!1 &6374543546737486049 stripped
GameObject:
  m_CorrespondingSourceObject: {fileID: 1056869157891756752, guid: 03d2e289fb0c9fe4e8802c1f5aa75b55,
    type: 3}
  m_PrefabInstance: {fileID: 6258927552853686833}
  m_PrefabAsset: {fileID: 0}
--- !u!4 &5635095921205018085 stripped
Transform:
  m_CorrespondingSourceObject: {fileID: 1796879698749474772, guid: 03d2e289fb0c9fe4e8802c1f5aa75b55,
    type: 3}
  m_PrefabInstance: {fileID: 6258927552853686833}
  m_PrefabAsset: {fileID: 0}
--- !u!4 &3835482942098173738 stripped
Transform:
  m_CorrespondingSourceObject: {fileID: 7198566504343491867, guid: 03d2e289fb0c9fe4e8802c1f5aa75b55,
    type: 3}
  m_PrefabInstance: {fileID: 6258927552853686833}
  m_PrefabAsset: {fileID: 0}
--- !u!1001 &6582234439939738881
PrefabInstance:
  m_ObjectHideFlags: 0
  serializedVersion: 2
  m_Modification:
    m_TransformParent: {fileID: 5635095921205018085}
    m_Modifications:
    - target: {fileID: 2261289217763174864, guid: 0476357ced5d5754fb6467f0860f6af6,
        type: 3}
      propertyPath: m_Name
      value: Grid
      objectReference: {fileID: 0}
    - target: {fileID: 8772839411086492324, guid: 0476357ced5d5754fb6467f0860f6af6,
        type: 3}
      propertyPath: m_LocalPosition.x
      value: 1.7
      objectReference: {fileID: 0}
    - target: {fileID: 8772839411086492324, guid: 0476357ced5d5754fb6467f0860f6af6,
        type: 3}
      propertyPath: m_LocalPosition.y
      value: -1.34
      objectReference: {fileID: 0}
    - target: {fileID: 8772839411086492324, guid: 0476357ced5d5754fb6467f0860f6af6,
        type: 3}
      propertyPath: m_LocalPosition.z
      value: 2.0404272
      objectReference: {fileID: 0}
    - target: {fileID: 8772839411086492324, guid: 0476357ced5d5754fb6467f0860f6af6,
        type: 3}
      propertyPath: m_LocalRotation.x
      value: -0
      objectReference: {fileID: 0}
    - target: {fileID: 8772839411086492324, guid: 0476357ced5d5754fb6467f0860f6af6,
        type: 3}
      propertyPath: m_LocalRotation.y
      value: -1
      objectReference: {fileID: 0}
    - target: {fileID: 8772839411086492324, guid: 0476357ced5d5754fb6467f0860f6af6,
        type: 3}
      propertyPath: m_LocalRotation.z
      value: -0
      objectReference: {fileID: 0}
    - target: {fileID: 8772839411086492324, guid: 0476357ced5d5754fb6467f0860f6af6,
        type: 3}
      propertyPath: m_LocalRotation.w
      value: 0
      objectReference: {fileID: 0}
    - target: {fileID: 8772839411086492324, guid: 0476357ced5d5754fb6467f0860f6af6,
        type: 3}
      propertyPath: m_RootOrder
      value: 3
      objectReference: {fileID: 0}
    - target: {fileID: 8772839411086492324, guid: 0476357ced5d5754fb6467f0860f6af6,
        type: 3}
      propertyPath: m_LocalEulerAnglesHint.x
      value: 0
      objectReference: {fileID: 0}
    - target: {fileID: 8772839411086492324, guid: 0476357ced5d5754fb6467f0860f6af6,
        type: 3}
      propertyPath: m_LocalEulerAnglesHint.y
      value: 0
      objectReference: {fileID: 0}
    - target: {fileID: 8772839411086492324, guid: 0476357ced5d5754fb6467f0860f6af6,
        type: 3}
      propertyPath: m_LocalEulerAnglesHint.z
      value: 0
      objectReference: {fileID: 0}
    - target: {fileID: 8772839411086492324, guid: 0476357ced5d5754fb6467f0860f6af6,
        type: 3}
      propertyPath: m_LocalScale.x
      value: 0.2
      objectReference: {fileID: 0}
    - target: {fileID: 8772839411086492324, guid: 0476357ced5d5754fb6467f0860f6af6,
        type: 3}
      propertyPath: m_LocalScale.y
      value: 0.2
      objectReference: {fileID: 0}
    - target: {fileID: 8772839411086492324, guid: 0476357ced5d5754fb6467f0860f6af6,
        type: 3}
      propertyPath: m_LocalScale.z
      value: 0.2
      objectReference: {fileID: 0}
    m_RemovedComponents: []
  m_SourcePrefab: {fileID: 100100000, guid: 0476357ced5d5754fb6467f0860f6af6, type: 3}
--- !u!114 &6187230036154942778 stripped
MonoBehaviour:
  m_CorrespondingSourceObject: {fileID: 1046453279327242299, guid: 0476357ced5d5754fb6467f0860f6af6,
    type: 3}
  m_PrefabInstance: {fileID: 6582234439939738881}
  m_PrefabAsset: {fileID: 0}
  m_GameObject: {fileID: 0}
  m_Enabled: 1
  m_EditorHideFlags: 0
  m_Script: {fileID: 11500000, guid: 900d2e255eaa8d0498fccc717039b48d, type: 3}
  m_Name: 
  m_EditorClassIdentifier: 
